@article{Huo2010,
author = {Huo, X. and  Ghovanloo, M.}, 
title = {Evaluation of a wireless wearable tongue–computer interface by individuals with high-level spinal cord injuries}, 
journal = {J. Neural Eng.}, 
volume = {7}, 
pages={1--12}, 
year={2010},
}

@article{Barea2002,
author = { Barea, R. and Boquete, L. and Mazo, M. and L{\'o}pez, E.},
title = {System for assisted mobility using eye movements based on electrooculography},
journal = {IEEE Trans. Neural Syst. Rehabil. Eng.}, 
volume = {10}, 
number = {4},
month = {Dec.},
year = {2002},
}

@inproceedings{Tsui2007,
author = {Tsui, C.S.L. and Pei, J. and Gan, J.Q. and Huosheng, H. and Kui, Y},
title = {EMG-based hands-free wheelchair control with EOG attention shift detection},
booktitle = {IEEE Int. Conf. on Robotics and Biomimetics},
year = {2007},
month = {Dec},
keywords={biomedical equipment;electro-oculography;electromyography;handicapped aids;intelligent control;medical control systems;CyberLink device;EMG;EOG attention shift detection;electric-powered wheelchair;electromyography signals;electrooculography signals;eye movements;eyebrow muscle activity;hands-free wheelchair control;multidirectional control commands;Control systems;Digital signal processing;Diseases;Electromyography;Electrooculography;Motion control;Muscles;Safety;Switches;Wheelchairs;EMG;EOG;Hands-free control;Intelligent wheelchair}, 
doi={10.1109/ROBIO.2007.4522346},
}

@inproceedings{Bilmes2006,
author = { Bilmes,J. A. and Malkin, J. and Li, X. and Harada, S. and Kilanski, K. and Kirchhoff, K. and Wright, R. and Subramanya, A. and Landay, J.A. and Dowden, P. and Chizeck, H.},
title={The vocal joystick},
booktitle = {ICASSP},
publisher = {IEEE},
location = {Toulouse, France},
year = {2006},
month = {May},
}

@article{Pellegrini2007,
title = "Hand versus mouth for call–bell activation by \{DMD\} and Becker patients",
journal = "Neuromuscular Disorders",
year = "2007",
note = "",
issn = "0960-8966",
doi = "http://dx.doi.org/10.1016/j.nmd.2007.03.016",
author = "Nadine Pellegrini and Amélie Pelletier and David Orlikowski and Christian Lolierou and Maria Ruquet and Jean-Claude Raphaël and Frédéric Lofaso",
keywords = "Neuromuscular disorder",
keywords = "Duchenne de Boulogne",
keywords = "Self-sufficiency",
keywords = "Hand function "
}

@article{Paciga1980,
year={1980},
issn={0140-0118},
journal={Med. and Biol. Eng. and Comput.},
doi={10.1007/BF02443381},
title={Error rate in five-state myoelectric control systems},
publisher={Kluwer Academic Publishers},
keywords={Man-machine systems; Multistate control; Myoelectric control; Prosthetics},
author={Paciga, J.E. and Richard, P.D. and Scott, R.N.},
language={English}
}

@article{Dorcas1966,
year={1966},
title={A three-state myoelectric control},
journal={Med. Biol. Eng. Comput.},
author={Dorcas, D. S. and Scott, R. N.},
volume={4},
pages={367--370},
}

@article{Zeeca2002,
author={Zeeca, M. and Micera, S. and Carrozza, M. C. and Dario, P.},
title={Control of multifunctional prosthetic hands by processing the electromyographic signal},
journal={Critical Rev. Biomed. Eng.},
volume={30},
pages={459--485},
year={2002},
}

